

@article{bai1998estimating,
  title={Estimating and testing linear models with multiple structural changes},
  author={Bai, Jushan and Perron, Pierre},
  journal={Econometrica},
  pages={47--78},
  year={1998},
  publisher={JSTOR}
}



@article{bai2003computation,
  title={Computation and analysis of multiple structural change models},
  author={Bai, Jushan and Perron, Pierre},
  journal={Journal of applied econometrics},
  volume={18},
  number={1},
  pages={1--22},
  year={2003},
  publisher={Wiley Online Library}
}


@article{bai2003critical,
  title={Critical values for multiple structural change tests},
  author={Bai, Jushan and Perron, Pierre},
  journal={The Econometrics Journal},
  volume={6},
  number={1},
  pages={72--78},
  year={2003},
  publisher={Oxford University Press Oxford, UK}
}


@article{hupka2023review,
  title={A review of the literature on LNG: Hubs development, market integration, and price discovery},
  author={Hupka, Yuri and Popova, Ivilina and Simkins, Betty and Lee, Thomas},
  journal={Journal of Commodity Markets},
  pages={100349},
  year={2023},
  publisher={Elsevier}
}


@article{zhang2023revisiting,
  title={Revisiting the pricing benchmarks for Asian LNGâ€”An equilibrium analysis},
  author={Zhang, Lingge and Yang, Dong and Wu, Shining and Luo, Meifeng},
  journal={Energy},
  volume={262},
  pages={125426},
  year={2023},
  publisher={Elsevier}
}




@article{alim2018asian,
  title={Asian spot prices for LNG and other energy commodities},
  author={Alim, Abdullahi and Hartley, Peter R and Lan, Yihui},
  journal={The Energy Journal},
  volume={39},
  number={1},
  pages={123--142},
  year={2018},
  publisher={SAGE Publications Sage CA: Los Angeles, CA}
}


@article{zhang2018exploring,
  title={Exploring the driving factors of global LNG trade flows using gravity modelling},
  author={Zhang, Hai-Ying and Xi, Wen-Wen and Ji, Qiang and Zhang, Qi},
  journal={Journal of Cleaner Production},
  volume={172},
  pages={508--515},
  year={2018},
  publisher={Elsevier}
}

@article{stern2020comparative,
  title={Comparative History of Oil and Gas Markets and Prices: is 2020 just an extreme cyclical event or an acceleration of the energy transition?},
  author={Stern, Jonathan},
  year={2020},
  publisher={Oxford Institute for Energy Studies}
}


@article{komlev2016oil,
  title={Oil indexation: The best remedy for market failure in the natural gas industry},
  author={Komlev, S},
  journal={Demian Literacy Agency, St. Petersburg},
  year={2016}
}


@article{fernandez2020analysis,
  title={Analysis of imperfect competition in natural gas supply contracts for electric power generation: A closed-loop approach},
  author={Fern{\'a}ndez, Mauricio and Mu{\~n}oz, Francisco D and Moreno, Rodrigo},
  journal={Energy Economics},
  volume={87},
  pages={104717},
  year={2020},
  publisher={Elsevier}
}



























